@inproceedings{Ronneberger2015UNetCN,
  title={U-Net: Convolutional Networks for Biomedical Image Segmentation},
  author={Olaf Ronneberger and Philipp Fischer and Thomas Brox},
  booktitle={MICCAI},
  year={2015}
}

@article{Alom2018TheHB,
  title={{The History Began from AlexNet: A Comprehensive Survey on Deep Learning Approaches}},
  author={Md. Zahangir Alom and Tarek M. Taha and Christopher Yakopcic and Stefan Westberg and Mahmudul Hasan and Brian C. Van Esesn and Abdul A. S. Awwal and Vijayan K. Asari},
  journal={CoRR},
  year={2018},
  volume={abs/1803.01164}
}

@online{KaggleComp,
    title={Find the nuclei in divergent images to advance medical discovery},
    author={{Booz Allen Hamilton}},
    year={2018},
    url={https://www.kaggle.com/c/data-science-bowl-2018?fbclid=IwAR2Ox8JmekiGrLQsv7ioa4-M_3S0Y8dJwVIDaAR37etXm9mGY5yutRNVUfU}
}

@inproceedings{CNNsForSeg,
  title={Fully convolutional networks for semantic segmentation},
  author={Long, Jonathan and Shelhamer, Evan and Darrell, Trevor},
  booktitle={Proceedings of the IEEE conference on computer vision and pattern recognition},
  pages={3431--3440},
  year={2015}
}

@inproceedings{pinheiro2014,
  title={Recurrent convolutional neural networks for scene labeling},
  author={Pinheiro, Pedro HO and Collobert, Ronan},
  booktitle={31st International Conference on Machine Learning (ICML)},
  number={EPFL-CONF-199822},
  year={2014}
}

@INPROCEEDINGS{MaskRCNN,
author={K. {He} and G. {Gkioxari} and P. {Dollár} and R. {Girshick}},
booktitle={2017 IEEE International Conference on Computer Vision (ICCV)},
title={Mask R-CNN},
year={2017},
volume={},
number={},
pages={2980-2988},
keywords={feature extraction;image segmentation;object detection;pose estimation;conceptually simple framework;bounding-box object detection;object mask;Faster R-CNN;called Mask R-CNN;high-quality segmentation mask;object instance segmentation;Feature extraction;Image segmentation;Object detection;Semantics;Quantization (signal);Robustness},
doi={10.1109/ICCV.2017.322},
ISSN={2380-7504},
month={Oct},}

@article{ImageSegmentation,
  title={Efficient Graph-Based Image Segmentation},
  author={Pedro F. Felzenszwalb and Daniel P. Huttenlocher},
  journal={International Journal of Computer Vision},
  year={2004},
  volume={59},
  pages={167-181}
}

@article{SelectiveSearch,
  title={Selective Search for Object Recognition},
  author={Jasper R. R. Uijlings and Koen E. A. van de Sande and Theo Gevers and Arnold W. M. Smeulders},
  journal={International Journal of Computer Vision},
  year={2013},
  volume={104},
  pages={154-171}
}

@article{RCNN,
  title={Rich Feature Hierarchies for Accurate Object Detection and Semantic Segmentation},
  author={Ross B. Girshick and Jeff Donahue and Trevor Darrell and Jitendra Malik},
  journal={2014 IEEE Conference on Computer Vision and Pattern Recognition},
  year={2014},
  pages={580-587}
}

@article{FasterRCNN,
  title={Faster R-CNN: Towards Real-Time Object Detection with Region Proposal Networks},
  author={Shaoqing Ren and Kaiming He and Ross B. Girshick and Jian Sun},
  journal={IEEE Transactions on Pattern Analysis and Machine Intelligence},
  year={2015},
  volume={39},
  pages={1137-1149}
}

@book{Tan2005IntroductionTD,
 author = {Tan, Pang-Ning and Steinbach, Michael and Karpatne, Anuj and Kumar, Vipin},
 title = {Introduction to Data Mining (2Nd Edition)},
 year = {2018},
 isbn = {0133128903, 9780133128901},
 edition = {2nd},
 publisher = {Pearson},
} 

@article{Shrestha2018ImprovedFC,
  title={Improved Fully Convolutional Network with Conditional Random Fields for Building Extraction},
  author={Sanjeevan Shrestha and Leonardo Vanneschi},
  journal={Remote Sensing},
  year={2018},
  volume={10},
  pages={1135}
}

@inproceedings{Long2015FullyCN,
  title={Fully convolutional networks for semantic segmentation},
  author={Jonathan Long and Evan Shelhamer and Trevor Darrell},
  booktitle={CVPR 2015},
  year={2015}
}

@article{Kingma2014AdamAM,
  title={Adam: A Method for Stochastic Optimization},
  author={Diederik P. Kingma and Jimmy Ba},
  journal={CoRR},
  year={2014},
  volume={abs/1412.6980}
}

@article{historyAlexNet,
  title = {The History Began from {AlexNet}: A
Comprehensive Survey on Deep Learning
Approaches},
  author = {Md Zahangir, Alom},
  journal={arXiv preprint arXiv:1803.01164},
  year={2018},
  url = {https://arxiv.org/abs/1803.01164}
}

@inproceedings{berman2018lovasz,
  title={The Lov{\'a}sz-Softmax loss: A tractable surrogate for the optimization of the intersection-over-union measure in neural networks},
  author={Berman, Maxim and Rannen Triki, Amal and Blaschko, Matthew B},
  booktitle={Proceedings of the IEEE Conference on Computer Vision and Pattern Recognition},
  pages={4413--4421},
  year={2018}
}

@misc{MicrosoftUnetSmallData,
    title={Semantic Segmentation of Small Data using Keras on an Azure Deep Learning Virtual Machine},
    author={Meehan, Margaret and Perel, Michael},
    year={2018},
    url={https://www.microsoft.com/developerblog/2018/07/18/semantic-segmentation-small-data-using-keras-azure-deep-learning-virtual-machine/}
}

@misc{DataAugmentation,
    title={Data Augmentation | How to use Deep Learning when you have Limited Data},
    author={Raj, Bharath},
    year={2018},
    url={https://medium.com/nanonets/how-to-use-deep-learning-when-you-have-limited-data-part-2-data-augmentation-c26971dc8ced}
}

@phdthesis{structuredpredthesis,
  author       = {Harold Charles Daum\'e}, 
  title        = {Practical Structured Learning Techniques for Natural Language Processing},
  school       = {University of Southern California},
  year         = 2006,
  month        = 8,
}

@article{Lin2017FeaturePN,
  title={Feature Pyramid Networks for Object Detection},
  author={Tsung-Yi Lin and Piotr Doll{\'a}r and Ross B. Girshick and Kaiming He and Bharath Hariharan and Serge J. Belongie},
  journal={2017 IEEE Conference on Computer Vision and Pattern Recognition (CVPR)},
  year={2017},
  pages={936-944}
}

@inproceedings{pytorch,
  title={Automatic differentiation in PyTorch},
  author={Paszke, Adam and Gross, Sam and Chintala, Soumith},
  booktitle={NIPS-W},
  url={https://openreview.net/pdf?id=BJJsrmfCZ},
  year={2017}
}

@misc{WTDwSmallData,
    title={What to do with ``small'' data?},
    author={El Deeb, Ahmed},
    year={2015},
    url={https://medium.com/rants-on-machine-learning/what-to-do-with-small-data-d253254d1a89}
}

@misc{SmallDataCurse,
    title={Breaking the curse of small datasets in Machine Learning: Part 1},
    author={Prakash Maheswari, Jyoti},
    year={2018},
    url={https://towardsdatascience.com/breaking-the-curse-of-small-datasets-in-machine-learning-part-1-36f28b0c044d}
}

@misc{UpsampleImage,
    title={Learning from Imbalanced Classes},
    author={Fawcett, Tom},
    year={2016},
    url={https://www.svds.com/learning-imbalanced-classes/}
}

@misc{CNNExplained,
    title={Understanding of Convolutional Neural Network (CNN) -- Deep Learning},
    author={Prabhu, Raghav},
    year={2018},
    url={https://medium.com/@RaghavPrabhu/understanding-of-convolutional-neural-network-cnn-deep-learning-99760835f148}
}

@inproceedings{unsupervisedsegmentation,
	author = {Bamford, P and Lovell, Brian},
	doi = {10.1109/IEMBS.2001.1017341},
	journal = {Engineering in Medicine and Biology Society, 2001. Proceedings of the 23rd Annual International Conference of the IEEE},
	month = {02},
	pages = {2704–2708 vol.3},
	title = {Method for Accurate Unsupervised Cell Nucleus Segmentation},
	volume = {3},
	year = {2001}
}

@inproceedings{comparitivestudy,
	author = {Win, K. Y. and Choomchuay and S. and Hamamoto, K. and Raveesunthornkiat, M.},
	doi = {10.1155/2018/9240389},
	title = {Comparative Study on Automated Cell Nuclei Segmentation Methods for Cytology Pleural Effusion Images},
	year = {2018}
}

@misc{kaggle11thplace,
    title={14th place insight (LB 0.578)},
    year={2018},
    url={https://www.kaggle.com/c/data-science-bowl-2018/discussion/54835},
    author={MPWARE}
}

@misc{semsegslides,
    title={Semantic Segmentation - University of Toronto Computer Science},
    url={http://www.cs.toronto.edu/~tingwuwang/semantic_segmentation.pdf},
    author = {Wang, Tingwu},
    year={2018}
}
